@techreport{Harris2010,
	author = {Mark Harris},
	title = {Optimizing Parallel Reduction in CUDA},
	 year = {2010},
	institution={NVIDIA Developer Technology},
}
